@article {2015:bayessurvsign,
  author = {Aslett, Louis J. M. and Coolen, Frank P. A. and Wilson, Simon P.},
  title = {Bayesian Inference for Reliability of Systems and Networks Using the Survival Signature},
  journal = {Risk Analysis},
  volume = {35},
  issue = {9},
  pages = {1640--1651},
  issn = {1539-6924},
  url = {http://dx.doi.org/10.1111/risa.12228},
  doi = {10.1111/risa.12228},
  keywords = {Bayesian methods, networks, nonparametrics, parametric lifetime distributions, system reliability},
  year = {2015},
}

@phdthesis{2013:diss-gw,
    author    = "G. Walter",
    title     = "Generalized {B}ayesian Inference under Prior-Data Conflict",
    year      = "2013",
    school    = "Department of Statistics, LMU Munich",
    url = {http://edoc.ub.uni-muenchen.de/17059/},
}

@article{2009:WalterAugustin,
    Author = {Gero Walter and Thomas Augustin},
    Title = {Imprecision and Prior-data Conflict in Generalized {B}ayesian Inference},
    Journal = {Journal of Statistical Theory and Practice},
    Pages = {255--271},
    Volume = {3},
    Year = {2009},
    url = {http://dx.doi.org/10.1080/15598608.2009.10411924},
    doi = {10.1080/15598608.2009.10411924}
}

